@Book{ ZakKryAlg,
author = {Emílie OCHODKOVÁ},
title = {Matematické základy kryptografických algoritmů \textnormal{[online]}},
address = {Ostrava, Česká republika},
year = {2012 \textnormal{[cit. 14.4.2017]}},
publisher = {Vysoká škola báňská – Technická univerzita Ostrava},
note = {\textnormal{Dostupné z:\\http://mi21.vsb.cz/sites/mi21.vsb.cz/files/unit/matem\_zaklady\_kryptograf\_algoritmu\_obr.pdf}},
}
@Book{ SymKrypt,
author = {Vlastimil KLÍMA},
title = {Symetrická kryptografie I. \textnormal{[online]}},
month = {November},
year = {2007 \textnormal{[cit. 14.4.2017]}},
note = {\textnormal{Dostupné z:\\http://crypto-world.info/klima/mffuk/Symetricka\_kryptografie\_I\_2007.pdf}},
}
@Book{ Krypt,
author = {Martin STANEK},
title = {Kryptológia -- pragmatický pohľad \textnormal{[online]}},
month = {Október},
year = {2013 \textnormal{[cit. 15.4.2017]}},
note = {\textnormal{Dostupné z:\\http://www.dcs.fmph.uniba.sk/\textasciitilde{}stanek/Kryptologia\%20v1b.pdf}},
}


@Book{ HandOfInf,
author = {A. J. MENEZES and P. C. OORSCHOT and Scott A. VANSTONE},
title = {Handbook of applied cryptography},
month = {Október},
year = {1996},
publisher = {CRC},
isbn = {9780849385230},
}
@Book{ MatZInf,
author = {Ján SKALKA and ďalší.},
title = {Informatika na maturity a prijímacie skúšky},
year = {2011},
publisher = {ENIGMA},
isbn = {978-80-89132-49-2}
}


@Article{ SecWorld,
title = {\textit{Security World}, \textnormal{Praha: IDG}},
year = {2016, roč. 6, č. 2},
issn = {1802-4505}
}
@Article{ CryptoMagazine,
title = {To black box cryptography and beyond.... \textit{CryptoMagazine}, \textnormal{Warszawa: Hakin9 Media}},
author = {Assav RAJEV},
pages = "44--46",
year = {2012, roč. 8, č. 1},
issn = {1773-7186}
}
@Article{ CryptoMagazine2,
title = {Banking Secrets. \textit{CrytoMagazine}, \textnormal{Warszawa: Hakin9 Media}},
pages = "6--7",
author = {Casha Frigo SCHMIDIGER},
year = {2012, roč. 8, č. 3},
issn = {1773-7186}
}


@Book{ BakPrac1,
title = {\textit{Analýza nástrojov na šifrovanie pevných diskov}},
author = {Martin MIŠÁNEK},
year = {Banská Bystrica, 2015},
note = {\textnormal{Bakalárska práca}. Bankovní institut vysoká škola Praha, zahraničná vysoká škola Banská Bystrica. Katedra kvantitatívnych metód a informatiky},
}

@Book{ BakPrac2,
title = {\textit{Aplikácie symetrického šifrovania v informačnej bezpečnosti}},
author = {Marek OSINA},
note = {\textnormal{Bakalárska práca}. Bankovní institut vysoká škola Praha, zahraničná vysoká škola Basnká Bystrica. Informačné technológie a manažment},
year = {Banská Bystrica, 2011},
}