@PREAMBLE{ "\newcommand{\noopsort}[1]{} "
}

@ONLINE{Trucks,
    author = {Tonz Kinnear},
    title = {\emph{Commercial truck repairs}},
    note = {[online], {c}it. [23.\,11.\,2018]},
    url = {https://goo.gl/1apVJ5},
}

@ONLINE{IMS,
    author = {Petr Peringer and Martin Hrub\'{y}},
    title = {\emph{Prezentace z předmětu IMS}},
    note = {[online], {c}it. [26.\,11.\,2018]},
}

@ONLINE{SIML,
    author = {Petr Peringer},
    title = {\emph{SIMulation LIBrary for C++}},
    note = {[online], {c}it. [26.\,11.\,2018]},
    url = {https://www.fit.vutbr.cz/~peringer/SIMLIB},
}

@ONLINE{Zadani,
    author = {Martin Hrub\'{y}},
    title = {\emph{Zad\'{a}n\'{i} projektu IMS}},
    note = {[online], {c}it. [27.\,11.\,2018]},
    url = {http://perchta.fit.vutbr.cz:8000/vyuka-ims/24},
}

@ONLINE{SPN,
    title = {\emph{The home of the New GreatSPN Graphical Editor}},
    note = {[online], {c}it. [27.\,11.\,2018]},
    url = {http://www.di.unito.it/~amparore/mc4cslta/editor.html},
}

@ONLINE{G,
    title = {\emph{g++ compiler}},
    note = {[online], {c}it. [26.\,11.\,2018]},
    url = {https://linux.die.net/man/1/g++},
}

@ONLINE{PAL,
    title = {\emph{Wikipedia stránka europalety}},
    note = {[online], {c}it. [25.\,11.\,2018]},
    url = {https://cs.wikipedia.org/wiki/Europaleta},
}


@ONLINE{LAL,
    title = {\emph{Str\'{a}nky firmy [REDACTED]}},
    note = {[online], {c}it. [16.\,11.\,2018]},
    url = {[REDACTED]},
}

@BOOK{Garfield,
    author = {Simon GARFIELD},
    title = {Just My Type: A Book About Fonts},
    year = {2012},
    pages = {254--256},
    note = {[English]},
    isbn = {1592407463},
}

@BOOK{Innes,
    author = {James INNES},
    title = {The CV Book: Your Definitive Guide to Writing the Perfect CV},
    year = {2009},
    pages = {9},
    note = {[English]},
    isbn = {0273721747},
}

@MASTERSTHESIS{Magdolen,
    author = {Patrik MAGDOLEN},
    type = {Bakal\'{a}\v{r}sk\'{a} pr\'{a}ce},
    title = {Aplikace pro tv\r{u}r\v{c}\'{i} psan\'{i}},
    school = {Vysok\'{e} u\v{c}en\'{i} technick\'{e} v Brn\v{e},
	Fakulta informa\v{c}n\'{i}ch technologi\'{i}},
    year = {2015},
    location = {Brno, CZ},
    language = {czech},
    url = {http://www.fit.vutbr.cz/study/DP/BP.php?id=18256}
}

@MastersThesis{Malek,
   author = {Mat\v{e}j M\'{A}LEK},
   type = {Diplomov\'{a} pr\'{a}ce},
   title = {\v{C}itelnost p\'{i}sma, n\'{a}vrh p\'{i}sma s vysokou \v{c}itelnost\'{i} a rasterizace font\r{u}},
   year = {2014 },
   school = {Masarykova univerzita,  Fakulta informatiky},
   location = {Brno, CZ},
   language = {czech},
   supervisor = {Luk\'{a}\v{s} PEVN\'{Y}}, 
   url = {http://is.muni.cz/th/256189/fi_m/},
}

@Proceedings{Computer,
   title = {\v{C}asopis Computer: Ransomware p\r{u}sob\'{i} jako font},
   year = {2017},
   editor = {Luk\'{a}\v{s} JEL\'{I}NEK},
   month = {Duben},
   publisher = {CN~Invest~a.s},
   note = {117~s.}
}

@Proceedings{Guardian,
   title = {Guardian Newspaper: Is this the most hated font int the world?},
   year = {2017},
   editor = {Vincent CONNARE},
   month = {March},
   publisher = {Guardian~Media~Group},
   note = {[English]},
}

@Proceedings{NYTimes,
   title = {The New York Times Magazine: How to Design a Font},
   year = {2015},
   editor = {Malia WOLLAN},
   month = {October},
   publisher = {The~New~York~Times~Company},
   note = {[English]},
}

